@article{huang-science-2008,
author = {Huang, Bo and Wang, Wenqin and Bates, Mark and Zhuang, Xiaowei},
journal = {Science},
pages = {810--813},
pmid = {18174397},
title = {{Three-Dimensional Super-Resolution Imaging by Stochastic Optical Reconstruction Microscopy}},
volume = {319},
year = {2008}
}
@article{annibale-natmethods-2011,
author = {Annibale, Paolo and Vanni, Stefano and Scarselli, Marco and Rothlisberger, Ursula and Radenovic, Aleksandra},
journal = {Nature methods},
pages = {527--528},
title = {{Identification of clustering artifacts in photoactivated localization microscopy}},
volume = {8},
year = {2011}
}
@article{bystricky-pnas-2004,
author = {Bystricky, Kerstin and Heun, Patrick and Gehlen, Lutz and Langowski, J\"{o}rg and Gasser, Susan M},
journal = {Proceedings of the National Academy of Sciences of the United States of America},
pages = {16495--500},
title = {{Long-range compaction and flexibility of interphase chromatin in budding yeast analyzed by high-resolution imaging techniques.}},
volume = {101},
year = {2004}
}
@book{flory-statmechchainmolecules-1989,
author = {Flory, Paul J.},
editor = {Jackson, J G},
publisher = {Hanser},
title = {{Statistical Mechanics of Chain Molecules}},
year = {1989}
}
@book{huet-2014,
author = {Huet, S\'{e}bastien and Lavelle, Christophe and Ranchon, Hubert and Carrivain, Pascal and Victor, Jean-Marc and Bancaud, Aur\'{e}lien},
booktitle = {International review of cell and molecular biology},
edition = {1},
pages = {443--79},
publisher = {Elsevier Inc.},
title = {{Relevance and limitations of crowding, fractal, and polymer models to describe nuclear architecture.}},
volume = {307},
year = {2014}
}
@article{kratkyporod-1949,
author = {Kratky, O. and Porod, G.},
journal = {Rec. Trav. Chim. Pays-Bas.},
pages = {1106--1123},
title = {{R\"{o}ntgenuntersuchung gel\"{o}ster Fadenmolek\"{u}le}},
volume = {68},
year = {1949}
}
@incollection{nakamura-2008,
address = {New York},
author = {Nakamura, Y and Norisuye, T},
booktitle = {Soft Matter Characterization},
chapter = {5},
editor = {Borsali, R and Pecora, R},
pages = {235--286},
publisher = {Springer Science \& Business Media},
title = {{Brush-Like Polymers}},
year = {2008}
}
@book{phillips-pbotc-2009,
author = {Phillips, Rob and Kondev, Jane and Theriot, Julie and Orme, Nigel and Garcia, Hernan},
edition = {2},
publisher = {Garland Science New York},
title = {{Physical Biology of the Cell}},
year = {2009}
}
@article{daszykowski-chemometrintelllab-2001,
author = {Daszykowski, M and Walczak, B and Massart, D L},
journal = {Chemometrics and Intelligent Laboratory Systems},
pages = {83--92},
title = {{Looking for natural patterns in data. Part 1. Density-based approach}},
volume = {56},
year = {2001}
}
@article{rivetti-jmolbiol-1996,
author = {Rivetti, Claudio and Guthold, Martin and Bustamante, Carlos and Medical, Howard Hughes},
journal = {Journal of Molecular Biology},
pages = {919--932},
title = {{Scanning Force Microscopy of DNA Deposited onto Mica: Equilibration versus Kinetic Trapping Studied by Statistical Polymer Chain Analysis}},
volume = {264},
year = {1996}
}
@article{schellman-biopolymers-1974,
author = {Schellman, John A},
journal = {Biopolymers},
pages = {217--226},
title = {{Flexibility of DNA.}},
volume = {13},
year = {1974}
}
